# Summarization

@article { log_summary,
           title         = "Summarizing Unstructured Logs in Online Services",
           author        = "Weibin Meng and Federico Zaiter and Yuheng Huang and Ying Liu and Shenglin Zhang and Yuzhe Zhang and Yichen Zhu and Tianke Zhang and En Wang and Zuomin Ren and Feng Wang and Shimin Tao and Dan Pei",
           year          = "2020",
           eprint        = "2012.08938",
           archivePrefix = "arXiv",
           primaryClass  = "cs.SE", }

@inproceedings { bart,
                 title     = "{BART}: Denoising Sequence-to-Sequence Pre-training for Natural Language Generation, Translation, and Comprehension",
                 author    = "Mike Lewis and Yinhan Liu and Naman Goyal and Marjan Ghazvininejad and Abdelrahman Mohamed and Omer Levy and Ves Stoyanov and Luke Zettlemoyer",
                 booktitle = "Proceedings of the 58th Annual Meeting of the Association for Computational Linguistics",
                 month     = "07",
                 year      = "2020",
                 publisher = "Association for Computational Linguistics",
                 doi       = "10.18653/v1/2020.acl-main.703",
                 pages     = "7871-7880", }

@inproceedings { pegasus,
                 title     = "{PEGASUS}: Pre-training with Extracted Gap-sentences for Abstractive Summarization",
                 author    = "Jingqing Zhang and Yao Zhao and Mohammad Ahmad Saleh and Peter J. Liu",
                 url       = "http://proceedings.mlr.press/v119/zhang20ae.html",
                 booktitle = "Proceedings of the 37th International Conference on Machine Learning",
                 pages     = "11328-11339",
                 year      = "2020",
                 editor    = "Hal Daumé III and Aarti Singh",
                 volume    = "119",
                 series    = "Proceedings of Machine Learning Research",
                 month     = "7",
                 publisher = "PMLR", }

@misc { bigbird,
       title         = "Big Bird: Transformers for Longer Sequences",
       author        = "Manzil Zaheer and Guru Guruganesh and Avinava Dubey and Joshua Ainslie and Chris Alberti and Santiago Ontanon and Philip Pham and Anirudh Ravula and Qifan Wang and Li Yang and Amr Ahmed",
       year          = "2021",
       eprint        = "2007.14062",
       archivePrefix = "arXiv",
       primaryClass  = "cs.LG", }

@inproceedings { bertsum,
                 title     = "Text Summarization with Pretrained Encoders",
                 author    = "Yang Liu and Mirella Lapata",
                 month     = "11",
                 year      = "2019",
                 booktitle = "Proceedings of the 2019 Conference on Empirical Methods in Natural Language Processing and the 9th International Joint Conference on Natural Language Processing (EMNLP-IJCNLP)",
                 publisher = "Association for Computational Linguistics",
                 address   = "Hong Kong, China",
                 doi       = "10.18653/v1/D19-1387",
                 pages     = "3730-3740", }

@article { get_to_the_point,
           title         = "Get To The Point: Summarization with Pointer-Generator Networks",
           author        = "Abigail See and Peter J. Liu and Christopher David Manning",
           year          = "2017",
           eprint        = "1704.04368",
           archivePrefix = "arXiv",
           primaryClass  = "cs.CL", }

@inproceedings { summary_models_comparison,
                 title     = "Flight of the {PEGASUS}? {C}omparing Transformers on Few-Shot and Zero-Shot Multi-document Abstractive Summarization",
                 author    = "Travis Reed Goodwin and Max E. Savery and Dina Demner-Fushman",
                 month     = "12",
                 year      = "2020",
                 booktitle = "Proceedings of the 28th International Conference on Computational Linguistics",
                 publisher = "International Committee on Computational Linguistics",
                 issn      = "1525-2477",
                 pages     = "5640-5646",
                 doi       = "10.18653/v1/2020.coling-main.494", }

@inproceedings { summarization_critical_evaluation,
                 title     = "Neural Text Summarization: A Critical Evaluation",
                 author    = "Wojciech Kryściński and Nitish Shirish Keskar and Bryan McCann and Caiming Xiong and Richard Socher",
                 month     = "11",
                 year      = "2019",
                 booktitle = "Proceedings of the 2019 Conference on Empirical Methods in Natural Language Processing and the 9th International Joint Conference on Natural Language Processing (EMNLP-IJCNLP)",
                 publisher = "Association for Computational Linguistics",
                 address   = "Hong Kong, China",
                 pages     = "540-551",
                 doi       = "10.18653/v1/D19-1051", }

@inproceedings { long_summarization_wikipedia,
                 title     = "Generating Wikipedia by Summarizing Long Sequences",
                 author    = "Peter J. Liu and Mohammad Ahmad Saleh and Etienne Pot and Ben Goodrich and Ryan Sepassi and \L{}ukasz Kaiser and Noam Shazeer",
                 year      = "2018",
                 booktitle = "International Conference on Learning Representations",
                 url       = "https://openreview.net/forum?id=Hyg0vbWC-", }

@misc { human_feedback_summary,
        title         = "Learning to summarize from human feedback",
        author        = "Nisan Stiennon and Long Ouyang and Jeff Wu and Daniel M. Ziegler and Ryan Lowe and Chelsea Voss and Alec Radford and Dario Amodei and Paul Christiano",
        year          = "2020",
        eprint        = "2009.01325",
        archivePrefix = "arXiv",
        primaryClass  = "cs.CL", }

@inproceedings { discourse_long_summarization,
                 title     = "A Discourse-Aware Attention Model for Abstractive Summarization of Long Documents",
                 author    = "Arman Cohan and Franck Dernoncourt and Doo Soon Kim and Trung Bui and Seokhwan Kim and Walter Chang and Nazli Goharian",
                 year      = "2018",
                 cdate     = "1514764800000",
                 pages     = "615-621",
                 doi       = "10.18653/v1/n18-2097",
                 publisher = "Association for Computational Linguistics",
                 volume    = "2",
                 booktitle = "Proceedings of the 2018 Conference of the North American Chapter of the Association for Computational Linguistics: Human Language Technologies", }

@article { graph_summarization_survey,
           title     = "Graph Summarization Methods and Applications: A Survey",
           author    = "Liu, Yike and Safavi, Tara and Dighe, Abhilash and Koutra, Danai",
           year      = "2018",
           month     = "7",
           publisher = "Association for Computing Machinery",
           address   = "New York, NY, USA",
           volume    = "51",
           number    = "3",
           issn      = "0360-0300",
           doi       = "10.1145/3186727",
           journal   = "ACM Comput. Surv.",
           articleno = "62",
           pages     = "1-34", }

@inproceedings { textrank,
                 title     = "{TextRank}: Bringing Order into Text",
                 author    = "Rada Mihalcea and Paul Tarau",
                 booktitle = "Proceedings of the 2004 Conference on Empirical Methods in Natural Language Processing",
                 month     = "7",
                 year      = "2004",
                 address   = "Barcelona, Spain",
                 publisher = "Association for Computational Linguistics",
                 url       = "https://aclanthology.org/W04-3252",
                 pages     = "404-411", }


# Transformers and Sequence-to-Sequence Models

@inproceedings { huggingface_transformers,
                 title     = "Transformers: State-of-the-Art Natural Language Processing",
                 author    = "Thomas Wolf and Lysandre Debut and Victor Sanh and Julien Chaumond and Clement Delangue and Anthony Moi and Pierric Cistac and Tim Rault and Rémi Louf and Morgan Funtowicz and Joe Davison and Sam Shleifer and Patrick von Platen and Clara Ma and Yacine Jernite and Julien Plu and Canwen Xu and Teven Le Scao and Sylvain Gugger and Mariama Drame and Quentin Lhoest and Alexander M. Rush",
                 booktitle = "Proceedings of the 2020 Conference on Empirical Methods in Natural Language Processing: System Demonstrations",
                 month     = "10",
                 year      = "2020",
                 publisher = "Association for Computational Linguistics",
                 doi       = "10.18653/v1/2020.emnlp-demos.6",
                 pages     = "38-45", }

@inproceedings { transformer,
                 title     = "Attention is All You Need",
                 author    = "Ashish Vaswani and Noam Shazeer and Niki Parmar and Jakob Uszkoreit and Llion Jones and Aidan N. Gomez and \L{}ukasz Kaiser and Illia Polosukhin",
                 year      = "2017",
                 booktitle = "Advances in Neural Information Processing Systems",
                 volume    = "30",
                 url       = "https://proceedings.neurips.cc/paper/2017/hash/3f5ee243547dee91fbd053c1c4a845aa-Abstract.html",
                 publisher = "Curran Associates Inc.", }

@inproceedings { seq2seq,
                 title     = "Sequence to Sequence Learning with Neural Networks",
                 author    = "Ilya Sutskever and Oriol Vinyals and Quoc V. Le",
                 booktitle = "Advances in Neural Information Processing Systems",
                 pages     = "3104-3112",
                 url       = "https://proceedings.neurips.cc/paper/2014/hash/a14ac55a4f27472c5d894ec1c3c743d2-Abstract.html",
                 volume    = "27",
                 year      = "2014", }

@inproceedings { self_supervised_seq2seq,
                 title     = "Semi-supervised Sequence Learning",
                 author    = "Andrew M. Dai and Quoc V. Le",
                 year      = "2015",
                 booktitle = "Advances in Neural Information Processing Systems",
                 url       = "https://proceedings.neurips.cc/paper/2015/hash/7137debd45ae4d0ab9aa953017286b20-Abstract.html",
                 volume    = "28",
                 publisher = "Curran Associates, Inc.", }

@inproceedings { bert,
                 title     = "{BERT}: Pre-training of Deep Bidirectional Transformers for Language Understanding",
                 author    = "Jacob Devlin and Ming-Wei Chang and Kenton Lee and Kristina Toutanova",
                 booktitle = "Proceedings of the 2019 Conference of the North {A}merican Chapter of the Association for Computational Linguistics: Human Language Technologies",
                 month     = "6",
                 volume    = "1",
                 year      = "2019",
                 address   = "Minneapolis, Minnesota",
                 publisher = "Association for Computational Linguistics",
                 doi       = "10.18653/v1/N19-1423",
                 pages     = "4171-4186", }

@article { roberta,
           title         = "{RoBERTa}: A Robustly Optimized {BERT} Pretraining Approach",
           author        = "Yinhan Liu and Myle Ott and Naman Goyal and Jingfei Du and Mandar Joshi and Danqi Chen and Omer Levy and Mike Lewis and Luke Zettlemoyer and Veselin Stoyanov",
           month         = "7",
           year          = "2019",
           eprint        = "1907.11692",
           archivePrefix = "arXiv",
           primaryClass  = "cs.CL", }

@article { hat,
         title         = "Hierarchical Learning for Generation with Long Source Sequences",
         author        = "Tobias Rohde and Xiaoxia Wu and Yinhan Liu",
         month         = "9",
         year          = "2021",
         eprint        = "2104.07545",
         archivePrefix = "arXiv",
         primaryClass  = "cs.CL", }

@article { byt5,
           title         = "{ByT5}: Towards a token-free future with pre-trained byte-to-byte models",
           author        = "Linting Xue and Aditya Barua and Noah Constant and Rami Al-Rfou and Sharan Narang and Mihir Kale and Adam Roberts and Colin Raffel",
           month         = "5",
           year          = "2021",
           eprint        = "2105.13626",
           archivePrefix = "arXiv",
           primaryClass  = "cs.CL", }

@inproceedings { gpt3,
                 author    = "Tom Brown and Benjamin Mann and Nick Ryder and Melanie Subbiah and Jared Daniel Kaplan and Prafulla Dhariwal and Arvind Neelakantan and Pranav Shyam and Girish Sastry and Amanda Askell and Sandhini Agarwal and Herbert-Voss, Ariel and Gretchen Krueger and Tom Henighan and Rewon Child and Aditya Ramesh and Daniel Ziegler and Jeffrey Wu and Clemens Winter and Chris Hesse and Mark Chen and Eric Sigler and Mateusz Litwin and Scott Gray and Benjamin Chess and Jack Clark and Christopher Berner and Sam McCandlish and Alec Radford and Ilya Sutskever and Dario Amodei",
                 booktitle = "Advances in Neural Information Processing Systems",
                 year      = "2020",
                 pages     = "1877-1901",
                 publisher = "Curran Associates, Inc.",
                 title     = "Language Models are Few-Shot Learners",
                 url       = "https://proceedings.neurips.cc/paper/2020/hash/1457c0d6bfcb4967418bfb8ac142f64a-Abstract.html",
                 volume    = "33", }

@article { deep_bidirectional_lm,
           title         = "Deep contextualized word representations",
           author        = "Matthew E. Peters and Mark Neumann and Mohit Iyyer and Matt Gardner and Christopher Clark and Kenton Lee and Luke Zettlemoyer",
           month         = "3",
           year          = "2018",
           eprint        = "1802.05365",
           archivePrefix = "arXiv",
           primaryClass  = "cs.CL", }

@inproceedings { bidirectional_lm,
                 title     = "Semi-supervised sequence tagging with bidirectional language models",
                 author    = "Matthew E. Peters and Waleed Ammar and Chandra Bhagavatula and Russell Power",
                 booktitle = "Proceedings of the 55th Annual Meeting of the Association for Computational Linguistics",
                 volume    = "1",
                 month     = "7",
                 year      = "2017",
                 address   = "Vancouver, Canada",
                 publisher = "Association for Computational Linguistics",
                 doi       = "10.18653/v1/P17-1161",
                 pages     = "1756-1765", }

@inproceedings { pretraining_study,
                 title     = "When does Further Pre-training {MLM} Help? {A}n Empirical Study on Task-Oriented Dialog Pre-training",
                 author    = "Qi Zhu and Yuxian Gu and Lingxiao Luo and Bing Li and Cheng Li and Wei Peng and Minlie Huang and Xiaoyan Zhu",
                 booktitle = "Proceedings of the Second Workshop on Insights from Negative Results in {NLP}",
                 month     = "11",
                 year      = "2021",
                 address   = "Punta Cana, Dominican Republic",
                 publisher = "Association for Computational Linguistics",
                 doi       = "10.18653/v1/2021.insights-1.9",
                 pages     = "54-61", }

@inproceedings { dont_stop_pretraining,
                 title     = "Don't Stop Pretraining: Adapt Language Models to Domains and Tasks",
                 author    = "Suchin Gururangan and Ana Marasovi{\'c} and Swabha Swayamdipta and Kyle Lo and Iz Beltagy and Doug Downey and Noah A. Smith",
                 booktitle = "Proceedings of the 58th Annual Meeting of the Association for Computational Linguistics",
                 month     = "7",
                 year      = "2020",
                 publisher = "Association for Computational Linguistics",
                 doi       = "10.18653/v1/2020.acl-main.740",
                 pages     = "8342-8360", }

@article { transformers_cpu_optimization,
           title         = "Optimizing Inference Performance of Transformers on {CPUs}",
           author        = "Alex Kogan and Dave Dice",
           month         = "2",
           year          = "2021",
           eprint        = "2102.06621",
           archivePrefix = "arXiv",
           primaryClass  = "cs.CL", }

@article { nystroemformer,
           title   = "Nyströmformer: A Nystöm-based Algorithm for Approximating Self-Attention",
           author  = "Yunyang Xiong and Zhanpeng Zeng and Rudrasis Chakraborty and Mingxing Tan and Glenn Fung and Yin Li and Vikas Singh",
           month   = "5",
           year    = "2021",
           journal = "Proc. Conf. AAAI Artif. Intell.",
           volume  = "35",
           number  = "16",
           pages   = "14138-14148", }

@article { distilbert,
           title         = "Pre-trained Summarization Distillation",
           author        = "Sam Shleifer and Alexander M. Rush",
           month         = "10",
           year          = "2020",
           eprint        = "2010.13002",
           archivePrefix = "arXiv",
           primaryClass  = "cs.CL", }

@article { beam_search,
           title         = "Sequence Transduction with Recurrent Neural Networks",
           author        = "Alex Graves",
           month         = "11",
           year          = "2012",
           eprint        = "1211.3711",
           archivePrefix = "arXiv",
           primaryClass  = "cs.NE", }

# Natural Language Processing

@inproceedings { rouge,
                 title     = "{ROUGE}: A Package for Automatic Evaluation of Summaries",
                 author    = "Lin, Chin-Yew",
                 booktitle = "Text Summarization Branches Out",
                 month     = "7",
                 year      = "2004",
                 address   = "Barcelona, Spain",
                 publisher = "Association for Computational Linguistics",
                 url       = "https://aclanthology.org/W04-1013",
                 pages     = "74-81", }

@techreport { rouge2,
           title         = "ROUGE 2.0: Updated and Improved Measures for Evaluation of Summarization Tasks",
           author        = "Kavita Ganesan",
           year          = "2018",
           eprint        = "1803.01937",
           archivePrefix = "arXiv",
           primaryClass  = "cs.IR", }

@book { statistical_nlp,
        title     = "Foundations of Statistical Natural Language Processing",
        author    = "Christopher D. Manning and Hinrich Schütze",
        exition   = "2",
        year      = "1999",
        isbn      = "0262133601",
        publisher = "MIT Press",
        address   = "Cambridge, MA, USA", }

@inbook { practical_nlp,
        title     = "{NLP}: A Primer",
        booktitle = "Practical Natural Language Processing: A Comprehensive Guide to Building Real-World {NLP} Systems",
        author    = "Sowmya Vajjala and Bodhisattwa Majumder and Anuj Gupta and Harshit Surana",
        pages     = "1-36",
        chapter   = "1",
        publisher = "O'Reilly Media",
        isbn      = "9781492054054",
        year      = "2020",
        edition   = "1", }

@article { nlp_survey,
           author  = "Nihar Ranjan and Kaushal Mundada and Kunal Phaltane and Saim Ahmad",
           year    = "2016",
           month   = "1",
           pages   = "6-9",
           title   = "A Survey on Techniques in {NLP}",
           volume  = "134",
           journal = "International Journal of Computer Applications",
           doi     = "10.5120/ijca2016907355", }

@book { nltk,
        title     = "Natural language processing with Python",
        author    = "Steven Bird and Ewan Klein and Edward Loper",
        year      = "2009",
        publisher = "O'Reilly Media Inc.", }

@article { punkt,
           title     = "Unsupervised Multilingual Sentence Boundary Detection",
           author    = "Tibor Kiss and Jan Strunk",
           journal   = "Computational Linguistics",
           publisher = "MIT Press",
           volume    = "32",
           number    = "4",
           pages     = "485-525",
           year      = "2006",
           month     = "12",
           issn      = "0891-2017",
           doi       = "10.1162/coli.2006.32.4.485", }

@article { penn_treebank_corpus,
           author    = "Marcus, Mitchell P. and Marcinkiewicz, Mary Ann and Santorini, Beatrice",
           title     = "Building a Large Annotated Corpus of English: The Penn Treebank",
           publisher = "MIT Press",
           year      = "1993",
           volume    = "19",
           number    = "2",
           issn      = "0891-2017",
           journal   = "Computational Linguistics",
           month     = "6",
           pages     = "313-330", }

@inproceedings { sentencepiece,
                 title     = "{S}entence{P}iece: A simple and language independent subword tokenizer and detokenizer for Neural Text Processing",
                 author    = "Taku Kudo and John Richardson",
                 booktitle = "Proceedings of the 2018 Conference on Empirical Methods in Natural Language Processing: System Demonstrations",
                 month     = "11",
                 year      = "2018",
                 address   = "Brussels, Belgium",
                 publisher = "Association for Computational Linguistics",
                 doi       = "10.18653/v1/D18-2012",
                 pages     = "66-71", }

@inproceedings { subword_sentencepiece,
                 title     = "Subword Regularization: Improving Neural Network Translation Models with Multiple Subword Candidates",
                 author    = "Taku Kudo",
                 booktitle = "Proceedings of the 56th Annual Meeting of the Association for Computational Linguistics",
                 volume    = "1",
                 month     = "7",
                 year      = "2018",
                 address   = "Melbourne, Australia",
                 publisher = "Association for Computational Linguistics",
                 doi       = "10.18653/v1/P18-1007",
                 pages     = "66-75", }

@article { beam_search_duplicate_ngram_removal,
           title         = "A Deep Reinforced Model for Abstractive Summarization",
           author        = "Romain Paulus and Caiming Xiong and Richard Socher",
           month         = "5",
           year          = "2017",
           eprint        = "1705.04304",
           archivePrefix = "arXiv",
           primaryClass  = "cs.CL", }

@article { beam_search_length_penalty,
           title         = "Google's Neural Machine Translation System: Bridging the Gap between Human and Machine Translation",
           author        = "Yonghui Wu and Mike Schuster and Zhifeng Chen and Quoc V. Le and Mohammad Norouzi and Wolfgang Macherey and Maxim Krikun and Yuan Cao and Qin Gao and Klaus Macherey and Jeff Klingner and Apurva Shah and Melvin Johnson and Xiaobing Liu and \L{}ukasz Kaiser and Stephan Gouws and Yoshikiyo Kato and Taku Kudo and Hideto Kazawa and Keith Stevens and George Kurian and Nishant Patil and Wei Wang and Cliff Young and Jason Smith and Jason Riesa and Alex Rudnick and Oriol Vinyals and Greg Corrado and Macduff Hughes and Jeffrey Dean",
           month         = "9",
           year          = "2016",
           eprint        = "1609.08144",
           archivePrefix = "arXiv",
           primaryClass  = "cs.CL", }

@article { solving_length_problem,
           title         = "Correcting Length Bias in Neural Machine Translation",
           author        = "Kenton Murray and David Chiang",
           month         = "8",
           year          = "2018",
           eprint        = "1808.10006",
           archivePrefix = "arXiv",
           primaryClass  = "cs.CL", }

# Datasets

@inproceedings { hadoop_dataset,
                 title     = "Log Clustering Based Problem Identification for Online Service Systems",
                 author    = "Qingwei Lin and Hongyu Zhang and Jian-Guang Lou and Yu Zhang and Xuewei Chen",
                 booktitle = "Proceedings of the 38th International Conference on Software Engineering Companion",
                 address   = "New York, NY, USA",
                 publisher = "Association for Computing Machinery",
                 year      = "2016",
                 isbn      = "9781450342056",
                 pages     = "102-111",
                 doi       = "10.1145/2889160.2889232", }

@inproceedings { hdfs_dataset,
               title     = "Detecting Large-Scale System Problems by Mining Console Logs",
               author    = "Wei Xu and Ling Huang and Armando Fox and David Patterson and Michael Irwin Jordan",
               booktitle = "Proceedings of the ACM SIGOPS 22nd Symposium on Operating Systems Principles",
               address   = "New York, NY, USA",
               publisher = "Association for Computing Machinery",
               year      = "2009",
               isbn      = "9781605587523",
               pages     = "117-131",
               doi       = "10.1145/1629575.1629587", }

@misc { loghub,
        title         = "Loghub: A Large Collection of System Log Datasets towards Automated Log Analytics",
        author        = "Shilin He and Jieming Zhu and Pinjia He and Michael R. Lyu",
        year          = "2020",
        eprint        = "2008.06448",
        archivePrefix = "arXiv",
        primaryClass  = "cs.SE", }

@dataset { loghub_datasets,
           author    = "{LogPAI Team}",
           title     = "Loghub",
           month     = "9",
           year      = "2021",
           version   = "7",
           publisher = "Zenodo",
           doi       = "10.5281/zenodo.3227177", }

@misc { cnn_dailymail,
        title     = "Abstractive Text Summarization Using Sequence-to-Sequence {RNN}s and Beyond",
        author    = "Ramesh Nallapati and Bowen Zhou and Cicero {Nogueira dos Santos} and \c{C}a\u{g}lar G$\dot{\textnormal{u}}$l\c{c}ehre and Bing Xiang",
        booktitle = "Proceedings of The 20th {SIGNLL} Conference on Computational Natural Language Learning",
        year      = "2016",
        month     = "8",
        address   = "Berlin, Germany",
        publisher = "Association for Computational Linguistics",
        doi       = "10.18653/v1/K16-1028",
        pages     = "280-290", }

@inproceedings { xsum,
                 title     = "Don't Give Me the Details, Just the Summary! {T}opic-Aware Convolutional Neural Networks for Extreme Summarization",
                 author    = "Shashi Narayan and Shay B. Cohen and Mirella Lapata",
                 booktitle = "Proceedings of the 2018 Conference on Empirical Methods in Natural Language Processing",
                 month     = "11",
                 year      = "2018",
                 address   = "Brussels, Belgium",
                 publisher = "Association for Computational Linguistics",
                 doi       = "10.18653/v1/D18-1206",
                 pages     = "1797-1807", }

@inproceedings { bigpatent,
                 title     = "{BIGPATENT}: A Large-Scale Dataset for Abstractive and Coherent Summarization",
                 author    = "Eva Sharma and Chen Li and Wang Lu",
                 booktitle = "Proceedings of the 57th Annual Meeting of the Association for Computational Linguistics",
                 month     = "7",
                 year      = "2019",
                 address   = "Florence, Italy",
                 publisher = "Association for Computational Linguistics",
                 doi       = "10.18653/v1/P19-1212",
                 pages     = "2204-2213", }

@inproceedings { aeslc,
                 title     = "This Email Could Save Your Life: Introducing the Task of Email Subject Line Generation",
                 author    = "Rui Zhang and Joel Tetreault",
                 booktitle = "Proceedings of the 57th Annual Meeting of the Association for Computational Linguistics",
                 month     = "7",
                 year      = "2019",
                 address   = "Florence, Italy",
                 publisher = "Association for Computational Linguistics",
                 doi       = "10.18653/v1/P19-1043",
                 pages     = "446-456", }

# Log parsing

@inproceedings { logpai_logparser_benchmarks,
                 title     = "Tools and Benchmarks for Automated Log Parsing",
                 author    = "Zhu, Jieming and He, Shilin and Liu, Jinyang and He, Pinjia and Xie, Qi and Zheng, Zibin and Lyu, Michael R.",
                 booktitle = "2019 IEEE/ACM 41st International Conference on Software Engineering: Software Engineering in Practice (ICSE-SEIP)",
                 year      = "2019",
                 pages     = "121-130",
                 doi       = "10.1109/ICSE-SEIP.2019.00021",
                 month     = "5", }

@inproceedings { logpai_logparser_evaluation,
                 title     = "An Evaluation Study on Log Parsing and Its Use in Log Mining",
                 author    = "He, Pinjia and Zhu, Jieming and He, Shilin and Li, Jian and Lyu, Michael R.",
                 booktitle = "2016 46th Annual IEEE/IFIP International Conference on Dependable Systems and Networks (DSN)",
                 year      = "2016",
                 pages     = "654-661",
                 doi       = "10.1109/DSN.2016.66", }

@inproceedings { drain,
                 title     = "Drain: An Online Log Parsing Approach with Fixed Depth Tree",
                 author    = "He, Pinjia and Zhu, Jieming and Zheng, Zibin and Lyu, Michael R.",
                 booktitle = "2017 IEEE International Conference on Web Services (ICWS)",
                 year      = "2017",
                 pages     = "33-40",
                 doi       = "10.1109/ICWS.2017.13", }

@article { logassist,
           title   = "{L}og{A}ssist: Assisting Log Analysis Through Log Summarization",
           author  = "Steven Locke and Heng Li and Tse-Hsun Chen and Weiyi Shang and Wei Liu",
           journal = "IEEE Transactions on Software Engineering (Early Access)",
           year    = "2021",
           month   = "5",
           pages   = "1-15",
           doi     = "10.1109/TSE.2021.3083715", }

# Root-Cause Analysis & Log Analysis

@online { zebrium_log_summary,
          author  = "Larry Lancaster",
          title   = "Using {GPT-3} for plain language incident root cause from logs",
          url     = "https://www.zebrium.com/blog/using-gpt-3-with-zebrium-for-plain-language-incident-root-cause-from-logs",
          urldate = "2022-03-19",
          month   = "1",
          year    = "2021", }

@inproceedings { hercule,
                 title     = "{HERCULE}: Attack Story Reconstruction via Community Discovery on Correlated Log Graph",
                 author    = "Pei, Kexin and Gu, Zhongshu and Saltaformaggio, Brendan and Ma, Shiqing and Wang, Fei and Zhang, Zhiwei and Si, Luo and Zhang, Xiangyu and Xu, Dongyan",
                 year      = "2016",
                 isbn      = "9781450347716",
                 publisher = "Association for Computing Machinery",
                 address   = "New York, NY, USA",
                 doi       = "10.1145/2991079.2991122",
                 booktitle = "Proceedings of the 32nd Annual Conference on Computer Security Applications",
                 pages     = "583-595",
                 numpages  = "13",
                 location  = "Los Angeles, California, USA",
                 series    = "ACSAC '16", }

@misc { holmes,
        title         = "{HOLMES}: Real-time {APT} Detection through Correlation of Suspicious Information Flows",
        author        = "Sadegh M. Milajerdi and Rigel Gjomemo and Birhanu Eshete and R. Sekar and V. N. Venkatakrishnan",
        year          = "2019",
        eprint        = "1810.01594",
        archivePrefix = "arXiv",
        primaryClass  = "cs.CR", }

@article { mining_causality_logdata,
           title   = "Mining Causality of Network Events in Log Data",
           author  = "Satoru Kobayashi and Kazuki Otomo and Kensuke Fukuda and Hiroshi Esaki",
           journal = "IEEE Transactions on Network and Service Management",
           year    = "2018",
           volume  = "15",
           number  = "1",
           pages   = "53-67",
           doi     = "10.1109/TNSM.2017.2778096", }

@article { cloud_diag,
          author  = "Haibo Mi and Huaimin Wang and Yangfan Zhou and Michael Rung Lyu and Hua Cai",
          journal = "IEEE Transactions on Parallel and Distributed Systems",
          title   = "Toward Fine-Grained, Unsupervised, Scalable Performance Diagnosis for Production Cloud Computing Systems",
          year    = "2013",
          volume  = "24",
          number  = "6",
          pages   = "1245-1255",
          doi     = "10.1109/TPDS.2013.21", }

@inproceedings { cloud_ranger,
                 title     = "{C}loud{R}anger: Root Cause Identification for Cloud Native Systems",
                 author    = "Wang, Ping and Xu, Jingmin and Ma, Meng and Lin, Weilan and Pan, Disheng and Wang, Yuan and Chen, Pengfei",
                 year      = "2018",
                 isbn      = "9781538658154",
                 publisher = "IEEE Press",
                 doi       = "10.1109/CCGRID.2018.00076",
                 booktitle = "Proceedings of the 18th IEEE/ACM International Symposium on Cluster, Cloud and Grid Computing",
                 pages     = "492-502",
                 numpages  = "11",
                 location  = "Washington, District of Columbia",
                 series    = "CCGrid '18", }

@article { root_cause_with_causality_metrics,
           title     = "A Causality Mining and Knowledge Graph Based Method of Root Cause Diagnosis for Performance Anomaly in Cloud Applications",
           author    = "Qiu, Juan and Du, Qingfeng and Yin, Kanglin and Zhang, Shuang-Li and Qian, Chongshu",
           volume    = "10",
           issn      = "2076-3417",
           doi       = "10.3390/app10062166",
           number    = "6",
           journal   = "Applied Sciences",
           publisher = "MDPI AG",
           year      = "2020",
           month     = "3",
           pages     = "1-19",
           articleno = "2166", }

@misc { nulog,
        title         = "Self-Supervised Log Parsing",
        author        = "Sasho Nedelkoski and Jasmin Bogatinovski and Alexander Acker and Jorge Cardoso and Odej Kao",
        year          = "2020",
        eprint        = "2003.07905",
        archivePrefix = "arXiv",
        primaryClass  = "cs.LG", }

@inproceedings { language_models_logging,
                 title     = "Using Language Models to Pre-train Features for Optimizing Information Technology Operations Management Tasks",
                 booktitle = "Service-Oriented Computing -- ICSOC 2020 Workshops",
                 author    = "Xiaotong Liu and Yingbei Tong and Anbang Xu and Rama Akkiraju",
                 editor    = "Hakim Hacid and Fatma Outay and Hye-young Paik and Amira Alloum and Marinella Petrocchi and Mohamed Reda Bouadjenek and Amin Beheshti and Xumin Liu and Abderrahmane Maaradji",
                 year      = "2021",
                 publisher = "Springer International Publishing",
                 pages     = "150-161",
                 isbn      = "978-3-030-76352-7", }

@inproceedings { logsy,
                 title     = "Self-Attentive Classification-Based Anomaly Detection in Unstructured Logs",
                 author    = "Sasho Nedelkoski and Jasmin Bogatinovski and Alexander Acker and Jorge Cardoso and Odej Kao",
                 booktitle = "2020 IEEE International Conference on Data Mining (ICDM)",
                 year      = "2020",
                 pages     = "1196-1201",
                 doi       = "10.1109/ICDM50108.2020.00148", }

@article { original_pc_algorithm,
           title   = "An Algorithm for Fast Recovery of Sparse Causal Graphs",
           author  = "Peter Spirtes and Clark Glymour",
           journal = "Social Science Computer Review",
           volume  = "9",
           number  = "1",
           pages   = "62-72",
           year    = "1991",
           doi     = "10.1177/089443939100900106", }

@inproceedings { fes_cluster_logs,
                 title     = "Digging deeper into cluster system logs for failure prediction and root cause diagnosis",
                 author    = "Xiaoyu Fu and Rui Ren and Sally A. McKee and Jianfeng Zhan and Ninghui Sun",
                 booktitle = "2014 IEEE International Conference on Cluster Computing (CLUSTER)",
                 year      = "2014",
                 pages     = "103-112",
                 doi       = "10.1109/CLUSTER.2014.6968768", }

@inproceedings { not_basic_keyword_search,
                title     = "Automatic Identification of Load Testing Problems",
                author    = "Zhen Ming Jiang and Ahmed E. Hassan and Gilbert Hamann and Parminder K. Flora",
                booktitle = "2008 IEEE International Conference on Software Maintenance",
                year      = "2008",
                month     = "10",
                pages     = "307-316",
                doi       = "10.1109/ICSM.2008.4658079", }

@article { root_cause_analysis,
           title   = "Root Cause Analysis for Beginners",
           author  = "James J. Rooney and Lee N. Vanden Heuvel",
           year    = "2004",
           month   = "7",
           journal = "Quality Progress",
           volume  = "37",
           number  = "7",
           pages   = "45-53", }

@article { log_analysis,
           title     = "Advances and Challenges in Log Analysis",
           author    = "Adam Oliner and Archana Ganapathi and Wei Xu",
           year      = "2012",
           month     = "2",
           volume    = "55",
           number    = "2",
           issn      = "0001-0782",
           doi       = "10.1145/2076450.2076466",
           journal   = "Communications of the ACM",
           publisher = "Association for Computing Machinery",
           address   = "New York, NY, USA",
           pages     = "55-61", }

@inproceedings { log2vec,
                 author    = "Weibin Meng and Ying Liu and Yuheng Huang and Shenglin Zhang and Federico Zaiter and Bingjin Chen and Dan Pei",
                 booktitle = "2020 29th International Conference on Computer Communications and Networks (ICCCN)",
                 title     = "A Semantic-aware Representation Framework for Online Log Analysis",
                 year      = "2020",
                 pages     = "1-7",
                 doi       = "10.1109/ICCCN49398.2020.9209707", }

# Machine Learning

@online { nvidia_mixed_precision,
          title   = "Train With Mixed Precision",
          author  = "{NVIDIA}",
          url     = "https://docs.nvidia.com/deeplearning/performance/mixed-precision-training/index.html",
          urldate = "2022-04-06",
          month   = "3",
          year    = "2022", }

@article { hyperparameter_search,
           title         = "Hyperparameter Search in Machine Learning",
           author        = "Marc Claesen and Bart De Moor",
           month         = "4",
           year          = "2015",
           eprint        = "1502.02127",
           archivePrefix = "arXiv",
           primaryClass  = "cs.LG", }

@inproceedings { optuna,
                 title     = "Optuna: A Next-Generation Hyperparameter Optimization Framework",
                 author    = "Takuya Akiba and Shotaro Sano and Toshihiko Yanase and Takeru Ohta and Masanori Koyama",
                 year      = "2019",
                 isbn      = "9781450362016",
                 publisher = "Association for Computing Machinery",
                 address   = "New York, NY, USA",
                 doi       = "10.1145/3292500.3330701",
                 booktitle = "Proceedings of the 25th ACM SIGKDD International Conference on Knowledge Discovery \& Data Mining",
                 pages     = "2623-2631",
                 location  = "Anchorage, AK, USA", }

@article { bias_variance_problem,
           title     = "Neural Networks and the Bias/Variance Dilemma",
           author    = "Stuart Geman and Elie Bienenstock and Ren\'{e} Doursat",
           year      = "1992",
           month     = "1",
           publisher = "{MIT} Press - Journals",
           volume    = "4",
           number    = "1",
           pages     = "1-58",
           doi       = "10.1162/neco.1992.4.1.1",
           journal   = "Neural Computation", }

@article { precision_recall_tradeoff,
           author  = "Buckland, Michael and Gey, Fredric",
           title   = "The relationship between Recall and Precision",
           journal = "Journal of the American Society for Information Science",
           volume  = "45",
           number  = "1",
           pages   = "12-19",
           doi     = "10.1002/(SICI)1097-4571(199401)45:1<12::AID-ASI2>3.0.CO;2-L",
           year    = "1994", }

@article { self_supervised,
           title   = "A Survey on Contrastive Self-Supervised Learning",
           author  = "Jaiswal, Ashish and Babu, Ashwin Ramesh and Zadeh, Mohammad Zaki and Banerjee, Debapriya and Makedon, Fillia",
           journal = "Technologies",
           volume  = "9",
           year    = "2021",
           number  = "1",
           eid     = "2",
           issn    = "2227-7080",
           doi     = "10.3390/technologies9010002" }

@article { deep_learning,
           title     = "Deep Learning",
           author    = "Yann LeCun and Yoshua Bengio and Geoffrey Hinton",
           year      = "2015",
           month     = "5",
           publisher = "Nature Research",
           volume    = "521",
           pages     = "436-444",
           journal   = "Nature",
           doi       = "10.1038/nature14539", }

# Reliability, Lifecycle & Operations

@inbook { reliability_engineering,
          title        = "Basic Concepts, Quality and Reliability ({RAMS}) Assurance of Complex Equipment and Systems",
          booktitle    = "Reliability Engineering: Theory and Practice",
          author       = "Alessandro Birolini",
          year         = "2013",
          publisher    = "Springer Science \& Business Media",
          doi          = "10.1007/978-3-642-39535-2",
          isbn         = "978-3-642-39535-2",
          edition      = "7",
          chapter      = "1",
          pages        = "1-24", }

@inbook { dependability,
          title     = "Real Time and Dependability Concepts",
          author    = "Hermann Kopetz and Paulo Veríssimo",
          booktitle = "Distributed Systems",
          editor    = "Sape Mullender",
          edition   = "2",
          year      = "1993",
          isbn      = "0201624273",
          publisher = "ACM Press/Addison-Wesley Publishing Co.",
          address   = "USA",
          pages     = "411-446", }

@article { high_availability,
           title   = "High-Availability Computer Systems",
           author  = "Jim Gray and Daniel Paul Siewiorek",
           journal = "Computer",
           year    = "1991",
           month   = "9",
           volume  = "24",
           number  = "9",
           pages   = "39-48",
           doi     = "10.1109/2.84898", }

@inbook { application_lifecycle,
        title     = "{DevOps}",
        booktitle = "Agile Application Lifecycle Management: Using {DevOps} to drive process improvement",
        author    = "Bob Aiello and Leslie Sachs",
        year      = "2016",
        isbn      = "9780321774101",
        publisher = "Addison-Wesley Professional",
        pages     = "213-232",
        chapter   = "1",
        edition   = "1", }

@article { software_life_cycle,
           title     = "Software Maintenance As Part of the Software Life Cycle",
           author    = "Kagan Erdil and Emily Finn and Kevin Keating and Jay Meattle and Sunyoung Park and Deborah Yoon",
           year      = "2003",
           pagetotal = "49", }

@article { devops,
           title   = "{DevOps}",
           author  = "Christof Ebert and Gorka Gallardo and Josune Hernantes and Nicolas Serrano",
           journal = "IEEE Software",
           year    = "2016",
           volume  = "33",
           number  = "3",
           pages   = "94-100",
           doi     = "10.1109/MS.2016.68", }

@inbook { aiops_literature_review,
          title     = "{AIOps}: A Multivocal Literature Review",
          booktitle = "Artificial Intelligence for Cloud and Edge Computing",
          author    = "Laxmi Rijal and Ricardo Colomo-Palacios and Mary S\'anchez-Gord\'on",
          editor    = "Sanjay Misra and Amit Kumar Tyagi and Vincenzo Piuri and Lalit Garg",
          year      = "2022",
          publisher = "Springer International Publishing",
          pages     = "31-50",
          isbn      = "978-3-030-80821-1",
          doi       = "10.1007/978-3-030-80821-1_2", }

@inproceedings { aiops_trends,
                 title     = "A Systematic Mapping Study in {AIOps}",
                 booktitle = "Service-Oriented Computing -- ICSOC 2020 Workshops",
                 author    = "Paolo Notaro and Jorge Cardoso and Michael Gerndt",
                 editor    = "Hakim Hacid and Fatma Outay and Hye-young Paik and Amira Alloum and Marinella Petrocchi and Mohamed Reda Bouadjenek and Amin Beheshti and Xumin Liu and Abderrahmane Maaradji",
                 year      = "2021",
                 publisher = "Springer International Publishing",
                 pages     = "110-123",
                 isbn      = "978-3-030-76352-7",
                 doi       = "https://doi.org/10.1007/978-3-030-76352-7_15", }

@inproceedings { aiops_levels,
                 title     = "{AI}-Governance and Levels of Automation for {AIOps}-supported System Administration",
                 booktitle = "2020 29th International Conference on Computer Communications and Networks (ICCCN)",
                 author    = "Gulenko, Anton and Acker, Alexander and Kao, Odej and Liu, Feng",
                 year      = "2020",
                 pagetotal = "6",
                 doi       = "10.1109/ICCCN49398.2020.9209606", }

@inproceedings { aiops_challenges,
                 title     = "{AIOps}: Real-World Challenges and Research Innovations",
                 booktitle = "2019 IEEE/ACM 41st International Conference on Software Engineering: Companion Proceedings (ICSE-Companion)",
                 author    = "Yingnong Dang and Qingwei Lin and Peng Huang",
                 year      = "2019",
                 pages     = "4-5",
                 doi       = "10.1109/ICSE-Companion.2019.00023", }

# Miscellaneous

@inproceedings { english_programming,
                 title     = "Does learning a programming language require learning English? {A} comparative analysis between English and programming languages",
                 author    = "Ivan Ruby and Bojana Krsmanovic",
                 editor    = "Joyce P. Johnston",
                 booktitle = "Proceedings of EdMedia + Innovate Learning 2017",
                 year      = "2017",
                 month     = "June",
                 pages     = "420-427",
                 address   = "Washington, DC",
                 publisher = "Association for the Advancement of Computing in Education (AACE)",
                 url       = "https://www.learntechlib.org/p/178486", }

@techreport { boxplots,
              author      = "Hadley Wickham and Lisa Stryjewski",
              institution = "had.co.nz",
              title       = "40 years of boxplots",
              year        = "2012", }
